<?xml version="1.0" encoding="UTF-8"?><collection xmlns="http://www.loc.gov/MARC21/slim"><record><leader>00344nam--2200133-i-4500</leader><controlfield tag="001">000024931</controlfield><controlfield tag="002">20161230</controlfield><controlfield tag="005">20161230201035</controlfield><controlfield tag="008">060222s1000------------r-----000-0-eng-d</controlfield><datafield ind1=" " ind2=" " tag="080"><subfield code="a">338.5:321.74</subfield></datafield><datafield ind1=" " ind2=" " tag="100"><subfield code="a">Blaga, Ion</subfield></datafield><datafield ind1=" " ind2=" " tag="245"><subfield code="a">Preturile. principii si politica socialista</subfield></datafield><datafield ind1=" " ind2=" " tag="260"><subfield code="a">Bucuresti, Editura Politica, 1971. 311 P</subfield></datafield><datafield ind1=" " ind2=" " tag="852"><subfield code="a">45548</subfield></datafield></record></collection>